%%%%%%%%%%%%%%%%%%%%%%%%%%%%%%%%%%%%%%%%%%%%%%%%%%%%%%%%%%%%%%%%%%%%%%%%%
% historical
%%%%%%%%%%%%%%%%%%%%%%%%%%%%%%%%%%%%%%%%%%%%%%%%%%%%%%%%%%%%%%%%%%%%%%%%%

@inproceedings{historical:MG04,
 author = {M. M\"{u}ller and M. Gross},
 title = {Interactive virtual materials},
 booktitle = {Proc. Graph. Int.},
 year = {2004},
 pages = {239--246}
} 

@inproceedings{historical:MMA99,
 author = {Oleg Mazarak and Claude Martins and John Amanatides},
 title = {Animating Exploding Objects}, 
 booktitle = {Proc. Graph. Int.},
 year = {1999},
 pages = {211--218},
}

@inproceedings{historical:MMDJ01,
 author = {M\"{u}ller, Matthias and McMillan, Leonard and Dorsey, Julie and Jagnow, Robert},
 title = {Real-time simulation of deformation and fracture of stiff materials},
 booktitle = {Proc. Eurographics Workshop Comp. Anim. Sim.},
 year = {2001},
 pages = {113--124},
}

@inproceedings{historical:NF99,
 author = {Michael Neff and Eugene Fiume},
 title = {A visual model for blast waves and fracture},
 booktitle = {Proc. Graph. Int.},
 year = {1999},
 pages = {193--202}
}

@article{historical:NTBGS91,
 author = {Norton, Alan and Turk, Greg and Bacon, Bob and Gerth, John and Sweeney, Paula},
 title = {Animation of fracture by physical modeling},
 journal = {Vis. Comp.},
 volume = {7},
 year = {1991},
 pages = {210--219},
}

@article {historical:SWB01,
 author = {Smith, Jeffrey and Witkin, Andrew and Baraff, David},
 title = {Fast and Controllable Simulation of the Shattering of Brittle Objects},
 journal = {Comp. Graph. Forum}, 
 volume = {20},
 pages = {81--90},
 year = {2001}
}

@inproceedings{historical:TF88,
 author = {Terzopoulos, Demetri and Fleischer, Kurt},
 title = {Modeling inelastic deformation: viscolelasticity, plasticity, fracture},
 booktitle = {ACM SIGGRAPH},
 year = {1988},
 pages = {269--278},
}

%%%%%%%%%%%%%%%%%%%%%%%%%%%%%%%%%%%%%%%%%%%%%%%%%%%%%%%%%%%%%%%%%%%%%%%%%
% engineering
%%%%%%%%%%%%%%%%%%%%%%%%%%%%%%%%%%%%%%%%%%%%%%%%%%%%%%%%%%%%%%%%%%%%%%%%%

@inproceedings{engineering:AJV07,
 author = {G. Allaire and F. Jouve and N. Van Goethem},
 title = {A levelset method for the numerical simulation of damage evolution},
 booktitle = {Proc. ICIAM}, 
 year = {2007},
 pages = {3--22}
}

@article{engineering:BGV09,
 author={Ted Belytschko and Robert Gracie and Giulio Ventura},
 title={A review of extended/generalized finite element methods for material modeling},
 journal={Mod. Sim. Mater. Sci. Eng.},
 volume={17},
 pages={043001},
 year={2009},
}

@article {engineering:HZMH01,
 author = {Huang, P. and Zhang, X. and Ma, S. and Huang, X.},
 title = {Contact algorithms for the material point method in impact and penetration simulation},
 journal = {Int. Journal Num. Meth. Eng.},
 volume = {85},
 pages = {498--517},
 year = {2011},
}

@article{engineering:HWST11,
 title = "A second order virtual node method for elliptic problems with interfaces and irregular domains in three dimensions",
 journal = "Journal Comp. Phys.",
 volume = "231",
 pages = "2015 - 2048",
 year = "2012",
 author = "Jeffrey Lee Hellrung and Luming Wang and Eftychios Sifakis and Joseph M. Teran",
}

%%%%%%%%%%%%%%%%%%%%%%%%%%%%%%%%%%%%%%%%%%%%%%%%%%%%%%%%%%%%%%%%%%%%%%%%%
% computational_geometry
%%%%%%%%%%%%%%%%%%%%%%%%%%%%%%%%%%%%%%%%%%%%%%%%%%%%%%%%%%%%%%%%%%%%%%%%%

@inproceedings{computational_geometry:BG2000,
 author = {Bielser, Daniel and Gross, Markus H.},
 title = {Interactive Simulation of Surgical Cuts},
 booktitle = {Proc. Pac. Conf. Comp. Graph. App.},
 year = {2000},
 pages = {116--442},
} 

@article{computational_geometry:CGCDP02,
  title={Interactive skeleton-driven dynamic deformations},
  author={Capell, S. and Green, S. and Curless, B. and Duchamp, T. and Popovi{\'c}, Z.},
  journal={ACM Trans. Graph.},
  volume={21},
  pages={586--593},
  year={2002},
}

@article{computational_geometry:DGA05,
 title={Modeling cracks and fractures},
 author={Desbenoit, B. and Galin, E. and Akkouche, S.},
 journal={Vis. Comp.},
 volume={21},
 pages={717--726},
 year={2005},
}

@inproceedings{computational_geometry:FDA02,
  title={Removing tetrahedra from a manifold mesh},
  author={Forest, C. and Delingette, H. and Ayache, N.},
  booktitle={Proc. Comp. Anim.},
  pages={225--229},
  year={2002},
}

@article{computational_geometry:FPT97,
  title={Dynamic free-form deformations for animation synthesis},
  author={Faloutsos, P. and Van De Panne, M. and Terzopoulos, D.},
  journal={IEEE Trans. Vis. Comp. Graph.},
  volume={3},
  pages={201--214},
  year={1997},
}

@inproceedings{computational_geometry:HSSST09,
  title={Geometric fracture modeling in {B}olt},
  author={Hellrung, J. and Selle, A. and Shek, A. and Sifakis, E. and Teran, J.},
  booktitle={SIGGRAPH 2009: Talks},
  pages={7:1},
  year={2009},
}

@inproceedings{computational_geometry:IO06,
 author = {Iben, Hayley N. and O'Brien, James F.},
 title = {Generating surface crack patterns},
 booktitle = {Proc. Symp. Comp. Anim.},
 year = {2006},
 pages = {177--185},
}

@article{computational_geometry:IO09,
  title={Generating surface crack patterns},
  author={Iben, H.N. and Oâ€™Brien, J.F.},
  journal={Graph. Mod.},
  volume={71},
  pages={198--208},
  year={2009},
}

@article{computational_geometry:KMBGG09,
  title={Enrichment textures for detailed cutting of shells},
  author={Kaufmann, P. and Martin, S. and Botsch, M. and Grinspun, E. and Gross, M.},
  journal={ACM Trans. Graph.},
  volume={28},
  pages={50:1--50:10},
  year={2009}
}

@article{computational_geometry:LIGF06,
  title={Melting and burning solids into liquids and gases},
  author={Losasso, F. and Irving, G. and Guendelman, E. and Fedkiw, R.},
  journal={IEEE Trans. Vis. Comp. Graph.},
  volume={12},
  pages={343--352},
  year={2006}
}

@inproceedings{computational_geometry:MK00,
 author = {Mor, Andrew B. and Kanade, Takeo},
 title = {Modifying Soft Tissue Models: Progressive Cutting with Minimal New Element Creation},
 booktitle = {Proc. MICCAI},
 year = {2000},
 pages = {598--607}
}

@inproceedings{computational_geometry:SDF07,
  title={Arbitrary cutting of deformable tetrahedralized objects},
  author={Sifakis, E. and Der, K.G. and Fedkiw, R.},
  booktitle={Proc. Symp. Comp. Anim.},
  pages={73--80},
  year={2007}
}

@inproceedings{computational_geometry:SP86,
  title={Free-form deformation of solid geometric models},
  author={Sederberg, T.W. and Parry, S.R.},
  booktitle={ACM SIGGRAPH},
  pages={151--160},
  year={1986}
}

@article{computational_geometry:TSBNLF05,
  title={Creating and simulating skeletal muscle from the visible human data set},
  author={Teran, J. and Sifakis, E. and Blemker, S.S. and Ng-Thow-Hing, V. and Lau, C. and Fedkiw, R.},
  journal={IEEE Trans. Vis. Comp. Graph.},
  volume={11},
  pages={317--328},
  year={2005}
}

%%%%%%%%%%%%%%%%%%%%%%%%%%%%%%%%%%%%%%%%%%%%%%%%%%%%%%%%%%%%%%%%%%%%%%%%%
% elasticity:plasticity
%%%%%%%%%%%%%%%%%%%%%%%%%%%%%%%%%%%%%%%%%%%%%%%%%%%%%%%%%%%%%%%%%%%%%%%%%

@article{elasticity:plasticity:BWHT07,
  title={A finite element method for animating large viscoplastic flow},
  author={Bargteil, A.W. and Wojtan, C. and Hodgins, J.K. and Turk, G.},
  journal={ACM Trans. Graph.},
  volume={26},
  pages={19--38},
  year={2007},
}

@article{elasticity:plasticity:CPSS10,
  title={A simple geometric model for elastic deformations},
  author={Chao, I. and Pinkall, U. and Sanan, P. and Schr{\"o}der, P.},
  journal={ACM Trans. Graph.},
  volume={29},
  pages={38:1--38:6},
  year={2010},
}

@article{elasticity:plasticity:CWSO13,
  title = {Simulating Liquids and Solid-Liquid Interactions with Lagrangian Meshes},
  journal = {ACM Trans. Graph.},
  author = {Pascal Clausen and Martin Wicke and Jonathan R. Shewchuk and James F. O'Brien},
  volume = 32,
  year = 2013,
  pages = {XXX:1--15}
}

@article{elasticity:plasticity:GBO04,
  title={A method for animating viscoelastic fluids},
  author={Goktekin, T.G. and Bargteil, A.W. and O'Brien, J.F.},
  journal={ACM Trans. Graph.},
  volume={23},
  pages={463--468},
  year={2004},
}

@inproceedings{elasticity:plasticity:ITF04,
  title={Invertible finite elements for robust simulation of large deformation},
  author={Irving, G. and Teran, J. and Fedkiw, R.},
  booktitle={Proc. Symp. Comp. Anim.},
  pages={131--140},
  year={2004},
}

@inproceedings{elasticity:plasticity:KAGBDG05,
  title={A unified lagrangian approach to solid-fluid animation},
  author={Keiser, R. and Adams, B. and Gasser, D. and Bazzi, P. and Dutr{\'e}, P. and Gross, M.},
  booktitle={Proc. Symp. Point-Based Graph.},
  pages={125--148},
  year={2005},
}

@article{elasticity:plasticity:LLJSP11,
  title={Eulerian solid simulation with contact},
  author={Levin, D.I.W. and Litven, J. and Jones, G.L. and Sueda, S. and Pai, D.K.},
  journal={ACM Trans. Graph.},
  volume={30},
  pages={36:1--36:10},
  year={2011},
}

@article{elasticity:plasticity:PKADGG05,
  title={Meshless animation of fracturing solids},
  author={Pauly, M. and Keiser, R. and Adams, B. and Dutr{\'e}, P. and Gross, M. and Guibas, L.J.},
  journal={ACM Trans. Graph.},
  volume={24},
  pages={957--964},
  year={2005},
}

@inproceedings{elasticity:plasticity:SHST12,
  title={Energetically Consistent Invertible Elasticity},
  author={Stomakhin, A. and Howes, R. and Schroeder, C. and Teran, J.M.},
  booktitle={Proc. Symp. Comp. Anim.},
  pages={25--32},
  year={2012},
}

@inproceedings{elasticity:plasticity:WT08,
  title={Fast viscoelastic behavior with thin features},
  author={Wojtan, C. and Turk, G.},
  booktitle={ACM SIGGRAPH},
  pages={47:1--47:8},
  year={2008},
}

@article{elasticity:plasticity:MZSETTS11,
 author = {McAdams, Aleka and Zhu, Yongning and Selle, Andrew and Empey, Mark and Tamstorf, Rasmus and Teran, Joseph and Sifakis, Eftychios},
 title = {Efficient elasticity for character skinning with contact and collisions},
 journal = {ACM Trans. Graph.},
 volume = {30},
 year = {2011},
} 

@inproceedings{elasticity:plasticity:SB12,
 author = {Sifakis, Eftychios and Barbic, Jernej},
 title = {FEM simulation of 3D deformable solids: a practitioner's guide to theory, discretization and model reduction},
 booktitle = {ACM SIGGRAPH Courses},
 year = {2012},
 pages = {20:1--20:50},
} 

%%%%%%%%%%%%%%%%%%%%%%%%%%%%%%%%%%%%%%%%%%%%%%%%%%%%%%%%%%%%%%%%%%%%%%%%%
% brittle
%%%%%%%%%%%%%%%%%%%%%%%%%%%%%%%%%%%%%%%%%%%%%%%%%%%%%%%%%%%%%%%%%%%%%%%%%

@article{brittle:BHTF07,
  title={Fracturing rigid materials},
  author={Bao, Z. and Hong, J.M. and Teran, J. and Fedkiw, R.},
  journal={IEEE Trans. Vis. Comp. Graph.},
  volume={13},
  pages={370--378},
  year={2007},
}

@inproceedings{brittle:OH99,
  title={Graphical modeling and animation of brittle fracture},
  author={O'Brien, J.F. and Hodgins, J.K.},
  booktitle={Proc. annual Conf. Comp. Graph. interactive Tech.},
  pages={137--146},
  year={1999},
}

@inproceedings{brittle:PO09.,
  title={Real-time deformation and fracture in a game environment},
  author={Parker, E.G. and O'Brien, J.F.},
  booktitle={Proc. Symp. Comp. Anim.},
  pages={165--175},
  year={2009},
}

@inproceedings{brittle:SSF09,
  title={Energy stability and fracture for frame rate rigid body simulations},
  author={Su, J. and Schroeder, C. and Fedkiw, R.},
  booktitle={Proc. Symp. Comp. Anim.},
  pages={155--164},
  year={2009},
}

@inproceedings{brittle:YOH00,
  title = {Animating Explosions},
  booktitle = {ACM SIGGRAPH},
  author = {Gary D. Yngve and James F. O'Brien and Jessica K. Hodgins},
  year = {2000},
  pages = {29--36},
}

@article{brittle:ZJ10,
  title={Rigid-body fracture sound with precomputed soundbanks},
  author={Zheng, C. and James, D.L.},
  journal={ACM Trans. Graph.},
  volume={29},
  pages={69:1--69:13},
  year={2010},
}

%%%%%%%%%%%%%%%%%%%%%%%%%%%%%%%%%%%%%%%%%%%%%%%%%%%%%%%%%%%%%%%%%%%%%%%%%
% ductile
%%%%%%%%%%%%%%%%%%%%%%%%%%%%%%%%%%%%%%%%%%%%%%%%%%%%%%%%%%%%%%%%%%%%%%%%%

@article{ductile:G07,
  title={Simulation and Visualization of topology-changing plastic material},
  author={Gissler, M.},
  journal={Constraints},
  volume={11},
  pages={1},
  year={2007}
}

@inproceedings{ductile:GBT07,
  title={Constraint Sets for Topology-changing Finite Element Models},
  author={Gissler, M. and Becker, M. and Teschner, M.},
  booktitle={Virt. Real. Inter. Phys. Sim.}, 
  pages={21--26},
  year={2007}
}

@inproceedings{ductile:MBF04,
 author = {Molino, Neil and Bao, Zhaosheng and Fedkiw, Ron},
 title = {A virtual node algorithm for changing mesh topology during simulation},
 booktitle = {ACM SIGGRAPH},
 year = {2004},
 pages = {385--392},
} 

@inproceedings{ductile:MKNPGA04,
  title={Point based animation of elastic, plastic and melting objects},
  author={M{\"u}ller, M. and Keiser, R. and Nealen, A. and Pauly, M. and Gross, M. and Alexa, M.},
  booktitle={Proc. Symp. Comp. Anim.},
  pages={141--151},
  year={2004},
}

@article{ductile:OBH02,
  title={Graphical modeling and animation of ductile fracture},
  author={O'{B}rien, J.F. and Bargteil, A.W. and Hodgins, J.K.},
  journal={ACM Trans. Graph.},
  volume={21},
  pages={291--294},
  year={2002},
}

@article{ductile:WRKBSO10,
  title={Dynamic local remeshing for elastoplastic simulation},
  author={Wicke, M. and Ritchie, D. and Klingner, B.M. and Burke, S. and Shewchuk, J.R. and O'Brien, J.F.},
  journal={ACM Trans. Graph.},
  volume={29},
  pages={49:1--49:11},
  year={2010},
}

@article{ductile:WTGT09,
  title={Deforming meshes that split and merge},
  author={Wojtan, C. and Th{\"u}rey, N. and Gross, M. and Turk, G.},
  journal={ACM Trans. Graph.},
  volume={28},
  pages={76:1--76:10},
  year={2009},
}

%%%%%%%%%%%%%%%%%%%%%%%%%%%%%%%%%%%%%%%%%%%%%%%%%%%%%%%%%%%%%%%%%%%%%%%%%
% new
%%%%%%%%%%%%%%%%%%%%%%%%%%%%%%%%%%%%%%%%%%%%%%%%%%%%%%%%%%%%%%%%%%%%%%%%%

@inproceedings{new:CFLOS07,
 author = {Chentanez, Nuttapong and Feldman, Bryan E. and Labelle, Fran\c{c}ois and O'Brien, James F. and Shewchuk, Jonathan R.},
 title = {Liquid simulation on lattice-based tetrahedral meshes},
 booktitle = {Proc. Symp. Comp. Anim.},
 year = {2007},
 pages = {219--228},
}

@inproceedings{new:CMHT02,
 author = {Carlson, Mark and Mucha, Peter J. and Van Horn,III, R. Brooks and Turk, Greg},
 title = {Melting and flowing},
 booktitle = {Proc. Symp. Comp. Anim.},
 year = {2002},
 pages = {167--174},
} 

@inproceedings{new:MEBFCBB12,
 author = {Misztal, M. K. and Erleben, K. and Bargteil, A. and Fursund, J. and Christensen, B. Bunch and B{\ae}rentzen, J. A. and Bridson, R.},
 title = {Multiphase flow of immiscible fluids on unstructured moving meshes},
 booktitle = {Proc. Symp. Comp. Anim.},
 year = {2012},
 pages = {97--106},
} 

@inproceedings{new:SOG06,
 author = {Steinemann, Denis and Otaduy, Miguel A. and Gross, Markus},
 title = {Fast arbitrary splitting of deforming objects},
 booktitle = {Proc. Symp. Comp. Anim.},
 year = {2006},
 pages = {63--72},
} 

@article{new:FCS05,
 author = {Fleishman, Shachar and Cohen-Or, Daniel and Silva, Cl\'{a}udio T.},
 title = {Robust moving least-squares fitting with sharp features},
 journal = {ACM Trans. Graph.},
 volume = {24},
 year = {2005},
 pages = {544--552},
} 

@article{vese:2002:multiphase,
  title={A multiphase level set framework for image segmentation using the Mumford and Shah model},
  author={Vese, L.A. and Chan, T.F.},
  journal={International Journal of Computer Vision},
  volume={50},
  number={3},
  pages={271--293},
  year={2002},
  publisher={Springer}
}
